<record><leader>00000cas a2200000 a 4500</leader><controlfield tag="001">9505540</controlfield><controlfield tag="008">830512d17931794mauwr ne      0    0eng c</controlfield><datafield ind1=" " ind2=" " tag="010"><subfield code="a">sn 83020690 </subfield></datafield><datafield ind1=" " ind2=" " tag="040"><subfield code="a">NPX</subfield><subfield code="b">eng</subfield><subfield code="c">NPX</subfield><subfield code="d">DLC</subfield><subfield code="d">MGN</subfield><subfield code="d">DLC</subfield><subfield code="d">OCLCG</subfield><subfield code="d">OCLCQ</subfield><subfield code="d">OCLCA</subfield><subfield code="d">OCLCF</subfield><subfield code="d">OCLCO</subfield><subfield code="d">OCLCA</subfield></datafield><datafield ind1="1" ind2=" " tag="029"><subfield code="a">AU@</subfield><subfield code="b">000020275855</subfield></datafield><datafield ind1=" " ind2=" " tag="042"><subfield code="a">pcc</subfield></datafield><datafield ind1=" " ind2=" " tag="043"><subfield code="a">n-us-ma</subfield></datafield><datafield ind1="0" ind2="0" tag="050"><subfield code="a">Newspaper</subfield></datafield><datafield ind1="0" ind2="4" tag="245"><subfield code="a">The Federal spy and Springfield weekly advertiser.</subfield></datafield><datafield ind1=" " ind2=" " tag="260"><subfield code="a">Springfield, Mass. :</subfield><subfield code="b">James R. Hutchins,</subfield><subfield code="c">1793-</subfield></datafield><datafield ind1=" " ind2=" " tag="300"><subfield code="a">v. ;</subfield><subfield code="c">43 cm.</subfield></datafield><datafield ind1=" " ind2=" " tag="310"><subfield code="a">Weekly</subfield></datafield><datafield ind1="0" ind2=" " tag="362"><subfield code="a">Vol. 2, no. 54 (Dec. 24, 1793)-</subfield></datafield><datafield ind1="1" ind2=" " tag="362"><subfield code="a">Ceased in Dec. 1794.</subfield></datafield><datafield ind1=" " ind2=" " tag="500"><subfield code="a">Published on Tuesday.</subfield></datafield><datafield ind1=" " ind2=" " tag="500"><subfield code="a">Publishers: Hooker &amp; Stebbins, Dec. 2, 1794-Dec. 23, 1794.</subfield></datafield><datafield ind1=" " ind2=" " tag="515"><subfield code="a">Continues numbering of: Federal spy and Springfield advertiser.</subfield></datafield><datafield ind1=" " ind2="0" tag="651"><subfield code="a">Springfield (Mass.)</subfield><subfield code="v">Newspapers.</subfield></datafield><datafield ind1=" " ind2="0" tag="651"><subfield code="a">Hampden County (Mass.)</subfield><subfield code="v">Newspapers.</subfield></datafield><datafield ind1=" " ind2="7" tag="655"><subfield code="a">Newspapers.</subfield><subfield code="2">fast</subfield><subfield code="0">(OCoLC)fst01423814</subfield></datafield><datafield ind1=" " ind2="7" tag="651"><subfield code="a">Massachusetts</subfield><subfield code="z">Hampden County.</subfield><subfield code="2">fast</subfield><subfield code="0">(OCoLC)fst01204934</subfield></datafield><datafield ind1=" " ind2="7" tag="651"><subfield code="a">Massachusetts</subfield><subfield code="z">Springfield.</subfield><subfield code="2">fast</subfield><subfield code="0">(OCoLC)fst01205519</subfield></datafield><datafield ind1="1" ind2=" " tag="700"><subfield code="a">Hutchins, James Reed,</subfield><subfield code="d">1770-1795.</subfield></datafield><datafield ind1="1" ind2=" " tag="700"><subfield code="a">Hooker, John Worthington,</subfield><subfield code="d">1772-1804.</subfield></datafield><datafield ind1="1" ind2=" " tag="700"><subfield code="a">Stebbins, Francis,</subfield><subfield code="d">1773-</subfield></datafield><datafield ind1=" " ind2=" " tag="752"><subfield code="a">United States</subfield><subfield code="b">Massachusetts</subfield><subfield code="c">Hampden</subfield><subfield code="d">Springfield.</subfield></datafield><datafield ind1="0" ind2="0" tag="780"><subfield code="t">Federal spy and Springfield advertiser</subfield><subfield code="w">(DLC)sn 83020689</subfield></datafield><datafield ind1="0" ind2="0" tag="785"><subfield code="t">Federal spy (Springfield, Mass. : 1794)</subfield><subfield code="w">(DLC)sn 83020691</subfield></datafield></record>